
@article{lopes2014middleware,
  title={A Middleware Architecture for Dynamic Adaptation in Ubiquitous Computing.},
  author={Lopes, Jo{\~a}o Ladislau and Geyer, Cl{\'a}udio Fernando Resin and Barbosa, Jorge LV and Pernas, Ana Marilza and Yamin, Adenauer C},
  doi = {10.3217/jucs-020-09-1327},
  issn = {0948695X},
  journal = {Journal of Universal Computer Science},
publisher = {Journal of Universal Computer Science},
address={Graus, Austria},
  keywords = {2,3,4,7,adaptive middle-,c,category,context-aware adaptation,dynamic adaptation,j,l,service-oriented middleware,ubiquitous computing,ware},
  number = {9},
  pages = {1327--1351},
  volume = {20},
  year={2014}
}

@article{lamnaour2024semantic,
  title={A Semantic-Based Middleware for Supporting Heterogeneity and Context-Awareness Within IoT Applications},
  author={Lamnaour, Mohammed and Raiss, Moundir and Mesmoudi, Yasser and El Khamlichi, Yasser and Tahiri, Abderrahim and Touhafi, Abdellah},
  journal={Journal of Communications},
  volume={19},
  number={1},
  pages={19--27},
  year={2024},
  url={https://www.jocm.us/show-302-1963-1.html}
}
@inproceedings{vadlamudi2023implementing,
  title={Implementing A Middleware API for Facilitating Heterogeneous IoT Device Communication Protocols and Data Retrieval},
  author={Vadlamudi, Sai Varun , Sasoun and Skarnes, Benjamin},
  booktitle={arXiv preprint arXiv:2312.10294},
  year={2022},
  url={https://arxiv.org/abs/2312.10294}
}

@inproceedings{bianchi2021miint,
  title={MIINT: Middleware for IIoT Platforms Integration},
  author={Bianchi, Valerio and Ciampolini, Paolo and De Munari, Ilaria},
  booktitle={2021 IEEE Global Communications Conference (GLOBECOM)},
  pages={1--6},
  year={2021},
  organization={IEEE},
  url={https://dl.acm.org/doi/10.1109/GLOBECOM46510.2021.9685653}
}

@article{nunes2011associations,
  title={Associations among perceived and objective disease knowledge and satisfaction with physician communication in patients with chronic kidney disease},
  author={Nunes, Julie A Wright and Wallston, Kenneth A and Eden, Svetlana K and Shintani, Ayumi K and Ikizler, T Alp and Cavanaugh, Kerri L},
  journal={Kidney international},
  volume={80},
  number={12},
  pages={1344--1351},
  year={2011},
  publisher={Elsevier},
address= {Amsterdam, Netherlands}
}

@inproceedings{Agrawal1994,
  author    = {Rakesh Agrawal and Ramakrishnan Srikant},
  title     = {Fast Algorithms for Mining Association Rules in Large Databases},
  booktitle = {Proceedings of the 20th International Conference on Very Large Data Bases (VLDB)},
  pages     = {487--499},
  year      = {1994},
  publisher = {Morgan Kaufmann Publishers Inc.},
  address   = {San Francisco, CA, USA},
  isbn      = {1-55860-153-8},
  acmid     = {672836},
  url       = {http://dl.acm.org/citation.cfm?id=645920.672836}
}

@book{Cormen2009,
  author    = {Thomas H. Cormen and Charles E. Leiserson and Ronald L. Rivest and Clifford Stein},
  title     = {Introduction to Algorithms},
  edition   = {3rd},
  publisher = {MIT Press},
  year      = {2009},
  isbn      = {978-0262033848},
  address   = {Cambridge, MA, USA}
}

